<?xml version="1.0" encoding="UTF-8"?><collection xmlns="http://www.loc.gov/MARC21/slim"><record><leader>00383nam--2200133-i-4500</leader><controlfield tag="001">000012092</controlfield><controlfield tag="002">20161230</controlfield><controlfield tag="005">20161230201029</controlfield><controlfield tag="008">060222s1000------------r-----000-0-eng-d</controlfield><datafield ind1=" " ind2=" " tag="080"><subfield code="a">539.122(045)</subfield></datafield><datafield ind1=" " ind2=" " tag="100"><subfield code="a">Cauchois, Yvette Et Hulubei, Horia</subfield></datafield><datafield ind1=" " ind2=" " tag="245"><subfield code="a">Nouvelle technique dans la spectrographie cris talline de rayons</subfield></datafield><datafield ind1=" " ind2=" " tag="260"><subfield code="a">Paris, Gauthier-villars, 1934. 3 P</subfield></datafield><datafield ind1=" " ind2=" " tag="852"><subfield code="a">44670</subfield></datafield></record></collection>